<collection xmlns="http://www.loc.gov/MARC21/slim"><record><leader>00845nam  2200265   450</leader><controlfield tag="001">368</controlfield><controlfield tag="003">http://montalegre.opacnet.com/OPAC/default.aspx?ContentAreaControl=ShowRegHoldings.ascx&amp;RegNo=16662</controlfield><datafield tag="010" ind1=" " ind2=" "><subfield code="a">972-23-1949-3</subfield></datafield><datafield tag="021" ind1=" " ind2=" "><subfield code="a">PT</subfield><subfield code="b">162213/01</subfield></datafield><datafield tag="100" ind1=" " ind2=" "><subfield code="a">20010711d2001    m  y0pory010305  ba</subfield></datafield><datafield tag="101" ind1="1" ind2=" "><subfield code="a">por</subfield><subfield code="c">eng</subfield></datafield><datafield tag="102" ind1=" " ind2=" "><subfield code="a">PT</subfield></datafield><datafield tag="105" ind1=" " ind2=" "><subfield code="a">y   z   001ay</subfield></datafield><datafield tag="106" ind1=" " ind2=" "><subfield code="a">r</subfield></datafield><datafield tag="200" ind1="1" ind2=" "><subfield code="a">&lt;O &gt;mundo de Sofia</subfield><subfield code="e">&lt;uma &gt;aventura na filosofia</subfield><subfield code="f">Jostein Gaarder</subfield><subfield code="g">trad. Catarina Belo</subfield></datafield><datafield tag="205" ind1=" " ind2=" "><subfield code="a">18ª ed</subfield></datafield><datafield tag="210" ind1=" " ind2=" "><subfield code="a">Lisboa</subfield><subfield code="c">Presença</subfield><subfield code="d">2001</subfield></datafield><datafield tag="215" ind1=" " ind2=" "><subfield code="a">461, [2] p.</subfield><subfield code="d">23 cm</subfield></datafield><datafield tag="225" ind1="2" ind2=" "><subfield code="a">Grandes narrativas</subfield><subfield code="v">1</subfield></datafield><datafield tag="304" ind1=" " ind2=" "><subfield code="a">Tit. orig.: Sofies Verden</subfield></datafield><datafield tag="675" ind1=" " ind2=" "><subfield code="a">821.113.5-31"19"</subfield><subfield code="v">BN</subfield><subfield code="z">por</subfield></datafield><datafield tag="700" ind1=" " ind2="1"><subfield code="a">Gaarder</subfield><subfield code="b">Jostein</subfield><subfield code="f">1952</subfield></datafield><datafield tag="702" ind1=" " ind2="1"><subfield code="a">Belo</subfield><subfield code="b">Catarina</subfield><subfield code="4">730</subfield></datafield><datafield tag="801" ind1=" " ind2="0"><subfield code="a">PT</subfield><subfield code="b">Biblioteca Municipal de Montalegre</subfield><subfield code="g">RPC</subfield></datafield><datafield tag="856" ind1=" " ind2=" "><subfield code="u">locateMedia.asp?cod=20060512110141&amp;ext=jpg</subfield><subfield code="z">CAPA</subfield></datafield><datafield tag="909" ind1="&#9;" ind2=" "><subfield code="a">1</subfield></datafield><datafield tag="966" ind1=" " ind2=" "><subfield code="a">0015418</subfield><subfield code="l">BMM</subfield><subfield code="s">SCG 821 GAA mun 1</subfield></datafield></record></collection>